<record><leader>00000cas a22000007a 4500</leader><controlfield tag="001">13153929</controlfield><controlfield tag="008">860214d1803180ugauwr ne      0    0eng d</controlfield><datafield ind1=" " ind2=" " tag="010"><subfield code="a">sn 86053110 </subfield></datafield><datafield ind1=" " ind2=" " tag="040"><subfield code="a">NPX</subfield><subfield code="b">eng</subfield><subfield code="c">NPX</subfield><subfield code="d">MGN</subfield><subfield code="d">FUG</subfield><subfield code="d">DLC</subfield><subfield code="d">OCL</subfield><subfield code="d">GUA</subfield><subfield code="d">OCLCF</subfield><subfield code="d">OCLCO</subfield></datafield><datafield ind1=" " ind2=" " tag="019"><subfield code="a">19579302</subfield></datafield><datafield ind1="1" ind2=" " tag="029"><subfield code="a">AU@</subfield><subfield code="b">000025987883</subfield></datafield><datafield ind1=" " ind2=" " tag="042"><subfield code="a">msc</subfield></datafield><datafield ind1=" " ind2=" " tag="043"><subfield code="a">n-us-ga</subfield></datafield><datafield ind1="0" ind2=" " tag="130"><subfield code="a">Farmer's gazette (Sparta, Ga.)</subfield></datafield><datafield ind1="0" ind2="0" tag="245"><subfield code="a">Farmer's gazette.</subfield></datafield><datafield ind1=" " ind2=" " tag="260"><subfield code="a">Sparta, Ga. :</subfield><subfield code="b">Printed by Day &amp; Ryan,</subfield><subfield code="c">1803-</subfield></datafield><datafield ind1=" " ind2=" " tag="300"><subfield code="a">v.</subfield></datafield><datafield ind1=" " ind2=" " tag="310"><subfield code="a">Weekly</subfield></datafield><datafield ind1="0" ind2=" " tag="362"><subfield code="a">Vol. 1, no. 1 (June 3, 1803)-</subfield></datafield><datafield ind1=" " ind2=" " tag="500"><subfield code="a">Publisher varies: Printed by Day &amp; Ryan, 1803; Printed by Dennis L. Ryan, 1803-&lt;1807&gt;.</subfield></datafield><datafield ind1=" " ind2=" " tag="530"><subfield code="a">Also on microfilm: Athens, Ga. : University of Georgia Libraries.</subfield></datafield><datafield ind1=" " ind2="0" tag="651"><subfield code="a">Sparta (Ga.)</subfield><subfield code="v">Newspapers.</subfield></datafield><datafield ind1=" " ind2="0" tag="651"><subfield code="a">Hancock County (Ga.)</subfield><subfield code="v">Newspapers.</subfield></datafield><datafield ind1=" " ind2="7" tag="655"><subfield code="a">Newspapers.</subfield><subfield code="2">fast</subfield><subfield code="0">(OCoLC)fst01423814</subfield></datafield><datafield ind1=" " ind2="7" tag="651"><subfield code="a">Georgia</subfield><subfield code="z">Hancock County.</subfield><subfield code="2">fast</subfield><subfield code="0">(OCoLC)fst01212360</subfield></datafield><datafield ind1=" " ind2="7" tag="651"><subfield code="a">Georgia</subfield><subfield code="z">Sparta.</subfield><subfield code="2">fast</subfield><subfield code="0">(OCoLC)fst01294186</subfield></datafield><datafield ind1=" " ind2=" " tag="752"><subfield code="a">United States</subfield><subfield code="b">Georgia</subfield><subfield code="c">Hancock</subfield><subfield code="d">Sparta.</subfield></datafield><datafield ind1=" " ind2=" " tag="936"><subfield code="a">Vol. 4, no. 198 (Aug. 29, 1807) LIC</subfield></datafield></record>